@article{micromegas,
	author={Y. Giomataris and Ph. Rebourgeard and J.P. Robert and G. Charpak},
	title={{MICROMEGAS: a high-granularity position-sensitive gaseous detector for high particle-flux environments}},
	year={1996},
	journal={Nuclear Instruments and Methods in Physics Research, Section A},
	volume={376},
	pages={29-35}
}

@misc{ansys,
	author={{ANSYS, Inc.}},
	title={{ANSYS Mechanical APDL Element Reference}},
	year={2013},
	howpublished={\url{http://148.204.81.206/Ansys/150/ANSYS%20Mechanical%20APDL%20Element%20Reference.pdf}},
	note={[Online; accessed 05-July-2016]}
}

@misc{digitemp,
	author={Brian C. Lane},
	title={DigiTemp},
	year={2015},
	howpublished={\url{https://www.digitemp.com/}},
	note={[Online; accessed 05-July-2016]}
}

@misc{ds18b20,
	author={{Maxim Integrated Products, Inc.}},
	title={{DS18B20 Programmable Resolution 1-Wire Digital Thermometer}},
	year={2015},
	howpublished={\url{https://datasheets.maximintegrated.com/en/ds/DS18B20.pdf}},
	note={[Online; accessed 05-July-2016]}
}

@book{kleinknecht,
  title={{Detektoren f\"ur Teilchenstrahlung: mit 20 Tabellen}},
  author={Kleinknecht, K.},
  isbn={9783519230588},
  series={Teubner-Studienb{\"u}cher : Physik},
  url={https://books.google.de/books?id=igRaPQAACAAJ},
  year={1992},
  publisher={Teubner}
}

@misc{elias,
	author={Elias Pree},
	title={{Construction of Large Area Micromegas Detectors}},
	school={LMU Munich},
	year={2014}
}

@book{ansysBook,
  title={{Finite Element Analysis: Theory and Application with ANSYS}},
  author={Moaveni, S.},
  isbn={9780131890800},
  lccn={2007013446},
  url={https://books.google.de/books?id=fSREAQAAIAAJ},
  year={2008},
  publisher={Pearson Prentice Hall}
}

@misc{ponsotTalk,
	author={Patrick Ponsot and Patrick Graffin and Arnaud Acker and Fabrizio Rossi},
	title={{MICROMEGAS} {DETECTORS} : Thermo-mechanical simulations},
	year={2014},
	howpublished={https://indico.cern.ch/event/313794/contributions/724461/attachments/600896/826990/MMMM-Simulations-20140415-v1.pdf},
	note={[Online; accessed 09-August-2016]}
}

@misc{felixKPrivate,
	author={Felix Klitzner},
	title={Private Communications},
	year={2015/2016},
}

@misc{felixKthesis,
	author={Felix Klitzner},
	title={{Studies of Floating Strip Micromegas Detectors in Proton and Carbon Ion Beams with a Fast Gas Mixture}},
	year={2016},
}

@misc{philippLPrivate,
	author={Philipp {L\"osel}},
	title={Private Communications},
	year={2015/2016},
}

@misc{philippLthesis,
	author={Philipp {L\"osel}},
	title={{Performance Studies of Large Size Micromegas Detectors}},
	year={2013},
}

@misc{ralphMPrivate,
	author={Ralph {M\"uller}},
	title={Private Communications},
	year={2015/2016},
}

@misc{ralphMthesis,
	author={Ralph {M\"uller}},
	title={Dissertation (in progress)},
	year={2017},
}

@misc{ralfHPrivate,
	author={Ralf Hertenberger},
	title={Private Communications},
	year={2015/2016},
}

@misc{felixRthesis,
	author={Felix Rauscher},
	title={{Untersuchung des Verhaltens von Driftrohren bei starken Gamma-Bestrahlung sowie Vermessung von Driftrohrkammern mit Hilfe von Myonen der kosmischen Höhenstrahlung}},
	year={2005},
}

@misc{oliverKthesis,
	author={Oliver Kortner},
	title={{Schauerproduktion durch hochenergetische Myonen und Aufbau eines Höhenstrahlungsprüfstandes für hochauflösende ATLAS-Myonkammern}},
	year={2002},
}

@misc{jonaBthesis,
	author={Jonathan Bortfeldt},
	title={{Development of Floating Strip Micromegas Detectors}},
	year={2014},
}

@techreport{NSW_TDR,
	  author		= "{ATLAS Collaboration}",
      title         = "{New Small Wheel Technical Design Report}",
      number        = "CERN-LHCC-2013-006. ATLAS-TDR-020",
      month         = "Jun",
      year          = "2013",
      reportNumber  = "CERN-LHCC-2013-006",
      url           = "http://cds.cern.ch/record/1552862",
      note          = "ATLAS New Small Wheel Technical Design Report",
}

@book{raether1964electron,
  title={Electron Avalanches and Breakdown in Gases},
  author={Raether, H.},
  lccn={lc64009243},
  series={Butterworths advanced physics series},
  url={https://books.google.de/books?id=2nSCvEq6AFcC},
  year={1964},
  publisher={Butterworths}
}

@article{bethe,
	author={H. A. Bethe},
	year={1930},
	journal={Annalen der Physik},
	volume={5},
	pages={325}
}

@article{atlasCol,
	author={{ATLAS Collaboration}},
	title={{The ATLAS Experiment at the CERN Large Hadron Collider}},
	year={2008},
	url={http://atlas.cern/resources/multimedia},
	journal={{JINST}},
	volume={3},
}

@article{laMMPR,
	title={{Design and Construction of Large Size Micromegas Chambers for the Upgrade of the ATLAS Muon Spectrometer}},
	year={2015},
	author={Philipp L\"osel and Ralph M\"uller},
	url={http://arxiv.org/pdf/1508.02541v1.pdf},
	note={[Online; accessed 12-September-2016]},
}

@article{groomStop,
	title={{Muon Stopping Power and Range Tables 10 MeV - 100TeV}},
	year={2001},
	author={Donald E. Groom and N. V. Mokhov and S.I. Striganov},
	journal={Atomic Data and Nuclear Data Tables},
	volume={78(2)},
}

@article{philippPaper,
	year={2015},
	author={Philipp {L\"osel} and ATLAS Muon Collaboration},
	title={{Performance of Large Area Micromegas Detectors for the ATLAS Muon Spectrometer Upgrade Project}},
}