@article{betheMaterieDurchgang,
	author  = {Bethe, H.},
	title   = {{Zur Theorie des Durchgangs schneller Korpuskularstrahlen durch Materie}},
	year    = {1930},
	journal = {Annalen der Physik},
	volume  = {397},
	number  = {3},
	pages   = {325-400},
	doi     = {10.1002/andp.19303970303},
	note    = {\url{https://onlinelibrary.wiley.com/doi/abs/10.1002/andp.19303970303} [accessed 04-July-2019]},
}

@book{townsendIonization,
	author    = {Townsend, J.},
	title     = {The theory of ionization of gases by collision},
	year      = {1910},
	publisher = {Van Nostrand},
	note      = {\url{https://archive.org/details/theoryofionizati00townuoft} [accessed 04-July-2019]},
}

@book{raetherLimit,
	author    = {Raether, H.},
	title     = {{Electron Avalanches and Breakdown in Gases}},
	year      = {1964},
	publisher = {Butterworths},
	address   = {London},
	series    = {Butterworths advanced physics series},
}

@article{groomStopping,
	author  = {Donald E. Groom AND N. V. Mokhov AND S. I. Striganov},
	title   = {{Muon Stopping Power and Range Tables 10 MeV - 100TeV}},
	year    = {2001},
	journal = {Atomic Data and Nuclear Data Tables},
	volume  = {78(2)},
}

@article{PDG2014,
	author     = {{Olive et al.}},
	title      = {Review of particle physics},
	year       = {2014},
	month      = {8},
	day        = {1},
	organization = {Particle Data Group},
	doi        = {10.1088/1674-1137/38/9/090001},
	language   = {English (US)},
	volume     = {38},
	journal    = {Chinese Physics C},
	issn       = {1674-1137},
	publisher  = {IOP Publishing Ltd.},
	number     = {9},
}

@article{micromegas,
	author  = {Y. Giomataris AND Ph. Rebourgeard AND J. P. Robert AND G. Charpak},
	title   = {{MICROMEGAS: a high-granularity position-sensitive gaseous detector for high particle-flux environments}},
	year    = {1996},
	journal = {Nuclear Instruments and Methods in Physics Research, Section A},
	volume  = {376},
	pages   = {29-35}
}

@article{canny,
	author   = {Canny, J.},
	title    = {A Computational Approach to Edge Detection},
	year     = {1986},
	journal  = {IEEE Transactions on Pattern Analysis and Machine Intelligence},
	volume   = {PAMI-8},
	number   = {6},
	pages    = {679-698},
	doi      = {10.1109/TPAMI.1986.4767851},
	ISSN     = {0162-8828},
	month    = {Nov},
}

@article{suzuki85,
	author  = {Satoshi Suzuki AND Keiichi Abe},
	title   = {Topological structural analysis of digitized binary images by border following},
	year    = {1985},
	journal = {Computer Vision, Graphics, and Image Processing},
	volume  = {30},
	number  = {1},
	pages   = {32 - 46},
	issn    = {0734-189X},
	doi     = {https://doi.org/10.1016/0734-189X(85)90016-7},
	note    = {\url{http://www.sciencedirect.com/science/article/pii/0734189X85900167} [accessed 04-July-2019]},
}

@article{openCVlibrary,
    author  = {Bradski, G.},
    title   = {{The OpenCV Library}},
    year    = {2000},
    journal = {Dr. Dobb's Journal of Software Tools},
}

@manual{APV,
	author = {Jones, L.},
	title  = {{APV25-S1 User Guide}},
	year   = {2001},
	note   = {\url{http://cds.cern.ch/record/1069892/files/cer-002725643.pdf} [accessed 04-July-2019]},
}

@article{SRS,
	author    = {S Martoiu and H Muller and A Tarazona and J Toledo},
	title     = {Development of the scalable readout system for micro-pattern gas detectors and other applications},
	year      = {2013},
	doi       = {10.1088/1748-0221/8/03/c03015},
	month     = {March},
	publisher = {{IOP} Publishing},
	volume    = {8},
	number    = {03},
	pages     = {C03015--C03015},
	journal   = {Journal of Instrumentation},
	note      = {\url{https://doi.org/10.1088%2F1748-0221%2F8%2F03%2Fc03015} [accessed 05-September-2019]},
}

@book{LHCtdr,
	author    = {Br\"uning, Oliver Sim AND Collier, Paul AND Lebrun, P AND Myers, Stephen AND Ostojic, Ranko AND Poole, John AND Proudlock, Paul},
	title     = {{LHC Design Report}},
	year      = {2004},
	publisher = {CERN},
	address   = {Geneva},
	series    = {CERN Yellow Reports: Monographs},
	doi       = {10.5170/CERN-2004-003-V-1},
	note      = {\url{http://cds.cern.ch/record/782076/files/CERN-2004-003-V1-ft.pdf}},
}

@unpublished{LHCoverview,
	author        = {Jean-Luc Caron},
	title         = {{Overall view of LHC experiments. Vue d'ensemble des experiences du LHC.}},
	year          = {1998},
	month         = {May},
	reportNumber  = {LHC-PHO-1998-349},
	url           = {https://cds.cern.ch/record/841555},
	note          = {AC Collection. Legacy of AC. Pictures from 1992 to 2002.},
}

@article{atlasCollaboration,
	author  = {{ATLAS Collaboration}},
	title   = {{The ATLAS Experiment at the CERN Large Hadron Collider}},
	year    = {2008},
	journal = {{JINST}},
	volume  = {3},
	note    = {\url{https://iopscience.iop.org/article/10.1088/1748-0221/3/08/S08003/pdf} [accessed 04-July-2019]},
}

@unpublished{ATLASpicture,
	author       = {Joao Pequenao},
	title        = {{Computer generated image of the whole ATLAS detector}},
	year         = {2008},
	month        = {Mar},
	reportNumber = {CERN-GE-0803012},
	note         = {\url{https://cds.cern.ch/record/1095924} [accessed 06-August-2019]},
}

@techreport{NSW_TDR,
	author      = {{ATLAS Collaboration}},
	title       = {{New Small Wheel Technical Design Report}},
	year        = {2013},
	institution = {{CERN}},
	number      = {CERN-LHCC-2013-006. ATLAS-TDR-020},
	note        = {\url{http://cds.cern.ch/record/1552862/files/ATLAS-TDR-020.pdf} [accessed 04-July-2019]},
}

@techreport{NSWmicromegas,
	author      = { C. Bini AND J. Giraud AND P.-F. Giraud AND R. Hertenberger AND P. Iengo AND M .Iodice AND F. Jeanneau AND F. Lacava AND P. Ponsot AND P. Schune AND S. Vlachos},
	title       = {{Micromegas Mechanical Tolerances}},
	year        = {2014},
	institution = {{CERN}},
	note        = {\url{https://edms.cern.ch/ui/file/1400235/1/MM_Panel_Module_Mechanical_Requirements_v4_20140725.pdf} [accessed 17-September-2019]},
}

@phdthesis{ntekasThesis,
	author = {Konstantinos A. Ntekas},
	title  = {{Performance characterization of the Micromegas detector for the New Small Wheel upgrade and Development and improvement of the Muon Spectrometer Detector Control System in the ATLAS experiment}},
	year   = {2016},
	school = {National Technical University of Athens},
}

@phdthesis{sidiropoulouThesis,
	author  = {Ourania Sidiropoulou},
	title   = {{Characterization of the ATLAS-type Micromegas Detectors}},
	year    = {2018},
	school  = {Julius-Maximilians-Universit\"at},
	address = {{W\"urzburg}},
}

@phdthesis{kugerThesis,
	author  = {Fabian Kuger},
	title   = {{Signal Formation Processes in Micromegas Detectors and Quality Control for large size Detector Construction for the ATLAS New Small Wheel}},
	year    = {2017},
	school  = {Julius-Maximilians-Universit\"at},
	address = {{W\"urzburg}},
}

@phdthesis{rauscherThesis,
	author  = {Felix Rauscher},
	title   = {{Untersuchung des Verhaltens von Driftrohren bei starker Gamma-Bestrahlung sowie Vermessung von Driftrohrkammern mit Hilfe von Myonen der kosmischen H\"ohenstrahlung}},
	year    = {2005},
	school  = {Ludwig-Maximilians Universit\"at},
	address = {{M\"unchen}},
}

@phdthesis{kortnerThesis,
    author = {Oliver Kortner},
    title  = {{Schauerproduktion durch hochenergetische Myonen und Aufbau eines H\"ohenstrahlungspr\"ufstandes f\"ur hochaufl\"osende ATLAS-Myonkammern}},
    year   = {2002},
    school = {Ludwig-Maximilians Universit\"at},
}

@mastersthesis{loeselMaster,
	author  = {Philipp {L\"osel}},
	title   = {{Performance Studies of Large Size Micromegas Detectors}},
	year    = {2013},
	school  = {Ludwig-Maximilians Universit\"at},
	address = {{M\"unchen}},
}

@phdthesis{bortfeldtThesis,
	author  = {Jonathan Bortfeldt},
	title   = {{Development of Floating Strip Micromegas Detectors}},
	year    = {2014},
	school  = {Ludwig-Maximilians Universit\"at},
	address = {{M\"unchen}},
}

@phdthesis{muellerThesis,
	author  = {Ralph {M\"uller}},
	title   = {{Quality Control of Micromegas Detectors for the ATLAS New Small Wheel Upgrade Project and Opimization of the Spatial Resolution of PoSSuMuS Detectors in two Dimensions}},
	year    = {2017},
	school  = {Ludwig-Maximilians Universit\"at},
	address = {{M\"unchen}},
}

@phdthesis{loeselThesis,
	author  = {Philipp {L\"osel}},
	title   = {{Precision Calibration of Large Area Micro Pattern Gaseous Detectors}},
	year    = {2017},
	school  = {Ludwig-Maximilians Universit\"at},
	address = {{M\"unchen}},
}

@phdthesis{flierlThesis,
	author  = {Bernhard Flierl},
	title   = {{Particle Tracking with Micro-Pattern Gaseous Detectors}},
	year    = {2018},
	school  = {Ludwig-Maximilians Universit\"at},
	address = {{M\"unchen}},
}

@phdthesis{klitznerThesis,
	author  = {Felix Klitzner},
	title   = {{Development of Novel Two-Dimensional Floating Strip Micromegas Detectors with an In-depth Insight into the Strip Signal Formation
	}},
	year    = {2019},
	school  = {Ludwig-Maximilians Universit\"at},
	address = {{M\"unchen}},
}

@unpublished{lippertThesis,
	author  = {Benedikt Lippert},
	title   = {{Studien zur Signalentstehung und Parametrisierung der Gasverst\"arkung in einem Micromegas-Detektor}},
	year    = {2012},
	school  = {Ludwig-Maximilians Universit\"at},
	address = {{M\"unchen}},
	note    = {Bachelor thesis}
}

@unpublished{feilThesis,
	author  = {Maximilian Feil},
	title   = {{Calibration of a coordinate measuring machine for optical computer-aided surveying of microstructured anode surfaces}},
	year    = {2017},
	school  = {Ludwig-Maximilians Universit\"at},
	address = {{M\"unchen}},
	note    = {Bachelor thesis}
}

@unpublished{neubertThesis,
	author  = {Philipp Neubert},
	title   = {{Reconstruction of the position deviation on a coordinate measuring machine by using a laser interferometer and an image analysis on precision markers}},
	year    = {2018},
	school  = {Ludwig-Maximilians Universit\"at},
	address = {{M\"unchen}},
	note    = {Bachelor thesis}
}

@unpublished{mohlThesis,
	author  = {Christian Mohl},
	title   = {{Reconstruction of Muon Tracks using four-layered Micromegas Modules}},
	year    = {2019},
	school  = {Ludwig-Maximilians Universit\"at},
	address = {{M\"unchen}},
	note    = {Bachelor thesis}
}

@article{constructionLargeMicromegas,
	author  = {Philipp {L\"osel} AND Ralph {M\"uller}},
	title   = {{Design and Construction of Large Size Micromegas Chambers for the Upgrade of the ATLAS Muon Spectrometer}},
	year    = {2015},
	journal = {arXiv preprint arXiv:1508.02541},
	note    = {\url{http://arxiv.org/pdf/1508.02541v1.pdf} [accessed 04-July-2019]},
}

@misc{bortfeldtPCBhumidity,
	author = {J. Bortfeldt AND F. Dubinin AND P. Iengo AND J. Samarati},
	title  = {{Expansion of Micromegas Readout PCBs}},
	year   = {2016},
	note   = {(Presentation for the NSW upgrade at CERN) \url{https://indico.cern.ch/event/585834/contributions/2359881/attachments/1373799/2086003/bortfeldt_ROPCBexpansion.pdf} [accessed 25-June-2019]},
}

@article{performanceLargeMicromegas,
	author       = {Philipp {L\"osel}},
	organization = {{ATLAS Muon Collaboration}},
	title        = {{Performance of Large Area Micromegas Detectors for the ATLAS Muon Spectrometer Upgrade Project}},
	year         = {2015},
}

@article{sparkResistantMicromegas,
	author  = {J. Burnens AND R. de Oliveira1 AND G. Glonti AND O. Pizzirusso1 AND V. Polychronakos AND G. Sekhniaidze AND J. Wotschack},
	title   = {{A spark-resistant bulk-Micromegas chamber for high-rate applications}},
	year    = {2011},
	journal = {Nucl. Instrum. Meth.},
	note    = {\url{https://arxiv.org/pdf/1011.5370.pdf} [accessed 04-July-2019]},
}

@article{stereoMicromegas,
	author  = {T. Alexopoulos AND C. Amelung AND G. Iakovidis AND S. Leontsinis AND K. Ntekasa AND S. Palestini AND V. Polychronakos AND S. Vlachos},
	title   = {{Stereo information in micromegas detectors}},
	year    = {2015},
	journal = {CERN},
	address = {Geneva},
	note    = {\url{https://cds.cern.ch/record/2052206/files/ATL-MUON-PUB-2015-001.pdf} [accessed 04-July-2019]},
}

@article{CRF,
	author  = {Biebel, O. AND Binder, M. AND Boutemeur, M. AND Brandt, A. AND Dubbert, J. AND Duckeck, G. AND Elmsheuser, J. AND Fiedler, F. AND Hertenberger, R. AND Kortner, O. AND others},
	title   = {{A Cosmic Ray Measurement Facility for ATLAS Muon Chambers}},
	year    = {2003},
	journal = {arXiv preprint physics/0307147},
	note    = {\url{https://arxiv.org/pdf/physics/0307147.pdf} [accessed 04-July-2019]},
}

@article{samplingKotelnikov,
	author  = {Vladimir Aleksandrovich Kotelnikov},
	title   = {On the transmission capacity of the ether and of cables in  electrical communications},
	year    = {1933},
	journal = {Proceedings of the first All-Union Conference on the technological reconstruction of the communications sector and the development of low-current engineering.},
	note    = {\url{http://ict.open.ac.uk/classics/1.pdf} [accessed 21-July-2019]},
}

@manual{lasertex,
	author = {Lasertex},
	title  = {Laser Measurement System HPI-3D},
	year   = {2015},
}

@manual{caen,
	author = {{CAEN}},
	title  = {SY4527 Universal Multichannel Power Supply},
	year   = {2019},
	note   = {\url{https://www.caen.it/products/sy4527/} [accessed 27-August-2019]},
}

@conference{rasnik,
	author       = {Dekker, H. and Graaf, H. van der and Groenstege, H. and Linde, F. and Sman, S. and Steensma, R. and Jongkind, B. and Smeulders, A.},
	title        = {{The RASNIK/CCD 3-Dimensional Alignment System}},
	year         = {1993},
	booktitle    = {{Proceedings, 3rd International Workshop on Accelerator Alignment (IWAA 93): Annecy, France, September 28-October 1, 1993}},
	journal      = {eConf},
	volume       = {C930928},
	pages        = {017},
	reportNumber = {IWAA-1993-017},
	SLACcitation = {%%CITATION = ECONF,C930928,017;%%},
	note         = {\url{http://www.slac.stanford.edu/econf/C930928/papers/017.pdf} [accessed 23-July-2019]},
}

@misc{hertenbergerMicromegas,
	author = {Ralf Hertenberger},
	title  = {{Micromegas: Gaseous Micropattern Detectors}},
	year   = {2016},
	note   = {(Presentation during the Interdisciplinary Cluster Workshop: "Detectors and Instrumentation" in Garching) \url{https://indico.ph.tum.de/event/3598/attachments/2078/2212/Hertenberger.pdf} [accessed 11-September-2019]},
}

@misc{giraudRasfork,
	author = {P.-F. Giraud},
	title  = {{The RASFORK tool for checking MM alignment quality}},
	year   = {2016},
	note   = {(Presentation for the NSW upgrade at CERN) \url{https://indico.cern.ch/event/638149/contributions/2585748/attachments/1456602/2248033/rasfork.pdf} [accessed 23-July-2019]},
}

@misc{giraudMetrology,
	author = {P.-F. Giraud},
	title  = {{LM1 metrology}},
	year   = {2018},
	note   = {(Presentation for the NSW upgrade at CERN) \url{https://indico.cern.ch/event/737118/contributions/3041087/attachments/1671530/2681651/LM1.pdf} [accessed 20-August-2019]},
}

@conference{root,
	author    = {Rene Brun and Fons Rademakers},
	title     = {{ROOT - An Object Oriented Data Analysis Framework}},
	year      = {1997},
	booktitle = {{Proceedings AIHENP'96 Workshop}},
	journal   = {{Nucl. Inst. & Meth. in Phys. Res. A 389}},
	address   = {Lausanne},
	pages     = {81-86},
	note      = { \url{https://root.cern.ch/} [accessed 23-July-2019]},
}

@misc{magboltz,
	author = {Stephen Biagi},
	title  = {{Magboltz - transport of electrons in gas mixtures}},
	year   = {1995},
	note   = { \url{http://magboltz.web.cern.ch/magboltz/} [accessed 26-July-2019]},
}

@misc{hough,
	author = {Hough, P.V.C},
	title  = {{METHOD AND MEANS FOR RECOGNIZING COMPLEX PATTERNS}},
	year   = {1962},
	note   = {US Patent 3,069,654. \url{http://www.freepatentsonline.com/3069654.pdf} [accessed 28-July-2019]},
}

@article{multipleScattering,
	author       = {Lynch, Gerald R. and Dahl, Orin I.},
	title        = {{Approximations to multiple Coulomb scattering}},
	year         = {1991},
	journal      = {Nucl. Instrum. Meth.},
	volume       = {B58},
	pages        = {6-10},
	doi          = {10.1016/0168-583X(91)95671-Y},
	reportNumber = {LBL-28165-REV, LBL-28165},
	SLACcitation = {%%CITATION = NUIMA,B58,6;%%},
}

@conference{VMM,
	author    = {G. {De Geronimo} and J. {Fried} and S. {Li} and J. {Metcalfe} and N. {Nambiar} and E. {Vernon} and V. {Polychronakos}},
	title     = {{VMM1 - An ASIC for micropattern detectors}},
	year      = {2012},
	booktitle = {2012 IEEE Nuclear Science Symposium and Medical Imaging Conference Record (NSS/MIC)},
	pages     = {633-639},
	doi       = {10.1109/NSSMIC.2012.6551184},
	ISSN      = {1082-3654},
	month     = {Oct},
}

@article{roseNkorff,
	author    = {Rose, M. E. and Korff, S. A.},
	title     = {An Investigation of the Properties of Proportional Counters. I},
	year      = {1941},
	journal   = {Phys. Rev.},
	volume    = {59},
	issue     = {11},
	pages     = {850--859},
	numpages  = {0},
	month     = {Jun},
	publisher = {American Physical Society},
	doi       = {10.1103/PhysRev.59.850},
	note      = {\url{https://link.aps.org/doi/10.1103/PhysRev.59.850} [accessed 26-July-2019]},
}

@misc{micromegasHadronicCalormetry,
	author    = {C. Adloff AND D. Attie AND J. Blaha AND S. Cap AND M. Chefdeville AND P. Colas AND A. Dalmaz AND C.Drancourt, A AND Espargiliere AND R. Gaglione AND R. Gallet AND N. Geffroy AND I. Giomataris AND J.Jaquemier AND Y. Karyotakis AND F. Peltier AND J. Prast AND G. Vouters},
	title     = {{MICROMEGAS chambers for hadronic calorimetry at a future linear collider, 2009}},
	year      = {2009},
	publisher = {JINST},
}

@misc{ansys,
	author = {{ANSYS, Inc.}},
	title  = {{ANSYS Mechanical APDL Element Reference}},
	year   = {2013},
	note   = {\url{http://148.204.81.206/Ansys/150/ANSYS%20Mechanical%20APDL%20Element%20Reference.pdf} [accessed 05-July-2016]},
}

@book{telecentric,
	author    = {Beyerer, J{\"u}rgen AND Le{\'o}n, Fernando Puente AND Frese, Christian},
	title     = {Automatische Sichtpr{\"u}fung: Grundlagen, Methoden und Praxis der Bildgewinnung und Bildauswertung},
	year      = {2016},
	publisher = {Springer-Verlag},
}

@misc{optoTele,
	author = {{Opto Engineering}},
	title  = {Telecentric lenses tutorial}, 
	year   = {2019},
	note   = {Opto Engineering Copyright \copyright 2015 - 2019 \url{https://www.opto-e.com/resources/telecentric-lenses-tutorial} [accessed 28-August-2019]}, 
}

@article{INSTRpaper,
	author    = {M. Herrmann AND O. Biebel AND B. Flierl AND R. Hertenberger AND F. Klitzner AND P. L\"osel AND R. M\"uller AND C. Valderanis AND A. Zibell},
	title     = {Calibration of large area Micromegas detectors using cosmic rays},
	year      = {2017},
	journal   = {Journal of Instrumentation},
	doi       = {10.1088/1748-0221/12/06/c06013},
	month     = {June},
	publisher = {{IOP} Publishing},
	volume    = {12},
	number    = {06},
	pages     = {C06013--C06013},
	note      = {\url{https://doi.org/10.1088%2F1748-0221%2F12%2F06%2Fc06013} [accessed 09-September-2019]},
}

@article{ICHEPpaper,
	author        = {Herrmann, Maximilian},
	title         = {{Performance and Calibration of 2m$^2$-sized 4-layered Micromegas Detectors for the ATLAS Upgrade}},
	year          = {2019},
	booktitle     = {{Proceedings, 39th International Conference on High Energy Physics (ICHEP 2018): Seoul, Korea, July 4-11, 2018}},
	collaboration = {ATLAS Muon},
	journal       = {PoS},
	volume        = {ICHEP2018},
	pages         = {088},
	doi           = {10.22323/1.340.0088},
	SLACcitation  = {%%CITATION = POSCI,ICHEP2018,088;%%},
	note          = {\url{http://inspirehep.net/record/1748403/files/PoS(ICHEP2018)088.pdf} [accessed 05-September-2019]},
}
